@online{salerno_2018,
  title     = {Tribunali sotto attacco hacker, allarme del Csm: "Paralizzata la giustizia civile"},
  url       = {https://www.corrierecomunicazioni.it/pa-digitale/tribunali-sotto-attacco-hacker-allarme-del-csm-paralizzata-la-giustizia-civile/},
  journal   = {CorCom},
  publisher = {CorCom},
  author    = {Salerno, Antonello},
  year      = {2018},
  month     = {Nov}
}

@misc{ferrarella_2018,
  title     = {Attacco degli hacker, tribunali in tilt. Timore per le mail dei magistrati},
  url       = {https://milano.corriere.it/notizie/cronaca/18_novembre_14/giustizia-civile-tribunali-tilt-attacco-mail-magistrati-bea4f8d0-e84b-11e8-b8c4-2c4605eeaada.shtml},
  journal   = {Corriere della Sera},
  publisher = {Corriere della Sera},
  author    = {Ferrarella, Luigi},
  year      = {2018},
  month     = {Nov}
}

@misc{online_2011,
  title     = {Marigliano, corruzione e falso all'Ufficio del Giudice di pace: arrestati cancelliere e avvocati},
  url       = {https://corrieredelmezzogiorno.corriere.it/napoli/cronaca/20_maggio_11/nola-corruzione-falso-all-ufficio-giudice-pace-arrestati-cancelliere-avvocati-aa3efa8e-935e-11ea-9608-903310728748.shtml},
  journal   = {Corriere del Mezzogiorno},
  publisher = {Corriere del Mezzogiorno},
  author    = {online, Redazione},
  year      = {2011},
  month     = {May}
}

@misc{ictsecmagazine,
  title     = {Le sanzioni amministrative pecuniarie nel GDPR},
  url       = {https://www.ictsecuritymagazine.com/articoli/le-sanzioni-amministrative-pecuniarie-nel-gdpr-lart-83-alla-luce-della-fining-policy-dellautorita-olandese-per-la-protezione-dei-dati-personali/},
  journal   = {ictsecuritymagazine},
  publisher = {ictsecuritymagazine},
  year      = {2019},
  month     = {June}
}

@misc{avfirewalls,
  title   = {Fortinet FortiGate 300D Accelerated security for mid-enterprise and branch office},
  url     = {https://www.avfirewalls.com/FortiGate-300D.asp#pricing},
  journal = {AVFirewalls.com}
}

@misc{basics_2020,
  title   = {What is the Lifetime Cost of Hardware-Based VPN?},
  url     = {https://www.attilasec.com/blog/what-is-the-lifetime-cost-of-hardware-based-vpn},
  journal = {Attila},
  author  = {Francis Knott in Hardware VPN VPN Requirements and Gregg Smith in Remote Work Hardware VPN VPN Basics},
  year    = {2020},
  month   = {May}
}

@misc{limited,
  title   = {CISCO GPL 2021},
  url     = {https://itprice.com/cisco-gpl/routers},
  journal = {ROUTERS Price - Cisco Global Price List},
  author  = {Limited, Router Switch}
}

